%A
@article{Adamo_2009,
   title={Null Geodesic Congruences, Asymptotically-Flat Spacetimes and Their Physical Interpretation},
   volume={12},
   ISSN={1433-8351},
   url={http://dx.doi.org/10.12942/lrr-2009-6},
   DOI={10.12942/lrr-2009-6},
   number={1},
   journal={Living Reviews in Relativity},
   publisher={Springer Science and Business Media LLC},
   author={Adamo, Timothy M. and Kozameh, Carlos and Newman, Ezra T.},
   year={2009},
   month={Sep}
}

%S
@article{McWilliams_2019,
   title={Analytical Black-Hole Binary Merger Waveforms},
   volume={122},
   ISSN={1079-7114},
   url={http://dx.doi.org/10.1103/PhysRevLett.122.191102},
   DOI={10.1103/physrevlett.122.191102},
   number={19},
   journal={Physical Review Letters},
   publisher={American Physical Society (APS)},
   author={McWilliams, Sean T.},
   year={2019},
   month={May}
}


